<record><leader>00000cas a22000007a 4500</leader><controlfield tag="001">12358626</controlfield><controlfield tag="008">850807c19579999utuwr ne      0    0eng d</controlfield><datafield ind1=" " ind2=" " tag="010"><subfield code="a">sn 85058202 </subfield></datafield><datafield ind1=" " ind2=" " tag="040"><subfield code="a">UNP</subfield><subfield code="b">eng</subfield><subfield code="c">UNP</subfield><subfield code="d">UBY</subfield><subfield code="d">OCLCQ</subfield><subfield code="d">OCLCF</subfield><subfield code="d">OCLCO</subfield></datafield><datafield ind1=" " ind2=" " tag="032"><subfield code="a">64690000</subfield><subfield code="b">USPS</subfield></datafield><datafield ind1=" " ind2=" " tag="042"><subfield code="a">msc</subfield></datafield><datafield ind1=" " ind2=" " tag="043"><subfield code="a">n-us-ut</subfield></datafield><datafield ind1="0" ind2="4" tag="245"><subfield code="a">The Uintah Basin standard.</subfield></datafield><datafield ind1=" " ind2=" " tag="260"><subfield code="a">Roosevelt, Utah :</subfield><subfield code="b">C.N. Memmott &amp; M. Memmott,</subfield><subfield code="c">1957-</subfield></datafield><datafield ind1=" " ind2=" " tag="300"><subfield code="a">v. :</subfield><subfield code="b">ill. ;</subfield><subfield code="c">58 cm.</subfield></datafield><datafield ind1=" " ind2=" " tag="310"><subfield code="a">Weekly</subfield></datafield><datafield ind1=" " ind2=" " tag="321"><subfield code="a">Semiweekly (except legal holidays),</subfield><subfield code="b">May 5-Oct. 2, 1975</subfield></datafield><datafield ind1="0" ind2=" " tag="362"><subfield code="a">Vol. 1, no. 1 (Jan. 3, 1957)-v. 12, no. 52 (Dec. 28, 1968); vol. 57, no. 1 (Jan. 2, 1969)-v. 68, no. 1 (Jan. 3, 1980); 67th year, no. 2 (Jan. 10, 1980)-</subfield></datafield><datafield ind1=" " ind2=" " tag="525"><subfield code="a">Supplements accompany many issues.</subfield></datafield><datafield ind1=" " ind2=" " tag="525"><subfield code="a">Annual Utah farm, ranch &amp; garden supplement issued each Spring, &lt;1960-1967&gt;, &lt;1972-</subfield></datafield><datafield ind1=" " ind2=" " tag="525"><subfield code="a">Duchesne County fair supplement issued each Aug., &lt;1975-1983&gt;.</subfield></datafield><datafield ind1=" " ind2=" " tag="525"><subfield code="a">Uintah Basin travel supplement issued each May, &lt;1979-1980&gt;.</subfield></datafield><datafield ind1=" " ind2=" " tag="525"><subfield code="a">Local monthly supplement, "Nuance," issued &lt;Aug. 5, 1982-Aug. 9, 1984&gt;.</subfield></datafield><datafield ind1=" " ind2=" " tag="580"><subfield code="a">Formed by the union of: Roosevelt standard [and continues its numbering with Jan. 2, 1969 issue], and: Uintah Basin record.</subfield></datafield><datafield ind1=" " ind2="0" tag="651"><subfield code="a">Roosevelt (Utah)</subfield><subfield code="v">Newspapers.</subfield></datafield><datafield ind1=" " ind2="0" tag="651"><subfield code="a">Duchesne County (Utah)</subfield><subfield code="v">Newspapers.</subfield></datafield><datafield ind1=" " ind2="7" tag="655"><subfield code="a">Newspapers.</subfield><subfield code="2">fast</subfield><subfield code="0">(OCoLC)fst01423814</subfield></datafield><datafield ind1=" " ind2="7" tag="651"><subfield code="a">Utah</subfield><subfield code="z">Duchesne County.</subfield><subfield code="2">fast</subfield><subfield code="0">(OCoLC)fst01218428</subfield></datafield><datafield ind1=" " ind2="7" tag="651"><subfield code="a">Utah</subfield><subfield code="z">Roosevelt.</subfield><subfield code="2">fast</subfield><subfield code="0">(OCoLC)fst01226206</subfield></datafield><datafield ind1=" " ind2=" " tag="752"><subfield code="a">United States</subfield><subfield code="b">Utah</subfield><subfield code="c">Duchesne</subfield><subfield code="d">Roosevelt.</subfield></datafield><datafield ind1="1" ind2="4" tag="780"><subfield code="t">Roosevelt standard</subfield><subfield code="w">(DLC)sn 85058201</subfield><subfield code="w">(OCoLC)12358585</subfield></datafield><datafield ind1="1" ind2="4" tag="780"><subfield code="t">Uintah Basin record</subfield><subfield code="w">(DLC)sn 85058200</subfield><subfield code="w">(OCoLC)12358538</subfield></datafield></record>